@book {MR1674451,
    AUTHOR = {Jacobs, Bart},
     TITLE = {Categorical logic and type theory},
    SERIES = {Studies in Logic and the Foundations of Mathematics},
    VOLUME = {141},
 PUBLISHER = {North-Holland Publishing Co., Amsterdam},
      YEAR = {1999},
     PAGES = {xviii+760},
      ISBN = {0-444-50170-3},
   MRCLASS = {03G30 (03-02 03B15 03B40)},
  MRNUMBER = {1674451},
MRREVIEWER = {Andreas Blass},
}

@book {MR1315049,
    AUTHOR = {Borceux, Francis},
     TITLE = {Handbook of categorical algebra. 3},
    SERIES = {Encyclopedia of Mathematics and its Applications},
    VOLUME = {52},
      NOTE = {Categories of sheaves},
 PUBLISHER = {Cambridge University Press, Cambridge},
      YEAR = {1994},
     PAGES = {xviii+522},
      ISBN = {0-521-44180-3},
   MRCLASS = {18-02 (18B25 18F20)},
  MRNUMBER = {1315049},
MRREVIEWER = {Martin Hyland},
}

@book {MR1313497,
    AUTHOR = {Borceux, Francis},
     TITLE = {Handbook of categorical algebra. 2},
    SERIES = {Encyclopedia of Mathematics and its Applications},
    VOLUME = {51},
      NOTE = {Categories and structures},
 PUBLISHER = {Cambridge University Press, Cambridge},
      YEAR = {1994},
     PAGES = {xviii+443},
      ISBN = {0-521-44179-X},
   MRCLASS = {18-02 (18Exx)},
  MRNUMBER = {1313497},
MRREVIEWER = {Martin Hyland},
}

@book {MR1291599,
    AUTHOR = {Borceux, Francis},
     TITLE = {Handbook of categorical algebra. 1},
    SERIES = {Encyclopedia of Mathematics and its Applications},
    VOLUME = {50},
      NOTE = {Basic category theory},
 PUBLISHER = {Cambridge University Press, Cambridge},
      YEAR = {1994},
     PAGES = {xvi+345},
      ISBN = {0-521-44178-1},
   MRCLASS = {18-02 (18Axx)},
  MRNUMBER = {1291599},
MRREVIEWER = {Martin Hyland},
}

@article{lmcs:5252,
  TITLE = {{Displayed Categories}},
  AUTHOR = {Benedikt Ahrens and Peter LeFanu Lumsdaine},
  URL = {https://lmcs.episciences.org/5252},
  DOI = {10.23638/LMCS-15(1:20)2019},
  JOURNAL = {{Logical Methods in Computer Science}},
  VOLUME = {{Volume 15, Issue 1}},
  YEAR = {2019},
  MONTH = Mar,
  KEYWORDS = {Mathematics - Category Theory ; Mathematics - Logic ; 18A15, 03B15, 03B70 ; F.4.1},
}
